@online{MosMed,
    Author    = {MosMed},
    Title     = {MosMedData: dataset},
    url      = {https://mosmed.ai/en/datasets/covid19_1110/},
    addendum  = {accessed: 01.09.2016},
    keywords  = {Segmentation, dataset},
    year      = {28/04/2020}
}

@article{MosMed_article,
	title = {MosMedData: Chest CT Scans with COVID-19 Related Findings Dataset},
	url = {https://www.medrxiv.org/content/10.1101/2020.05.20.20100362v1.full-text},
	doi = {https://doi.org/10.1101/2020.05.20.20100362},
	language = {en},
	number = {S227},
	urldate = {2018-06-25},
	journal = {IAU Symp.},
	author = {S.P. Morozov},
	month = April,
	year = {2020},
}

@online{NSCLC,
    author = {Justin Kirby},
    year = {09/2021}, 
    title = {MosMedData: dataset},
    url  = {https://wiki.cancerimagingarchive.net/display/Public/NSCLC-Radiomics},
    addendum = {accessed: 01.09.2016},
    keywords = {CT scans, dataset}
}

@article{Haralick_Article,
	title = {Gray-level invariant Haralick texture features},
	url = {https://www.cambridge.org/core/product/identifier/S1743921305004424/type/journal_article},
	doi = {https://doi.org/10.1371/journal.pone.0212110},
	language = {en},
	urldate = {04-05-2021},
	journal = {PLOS ONE},
	author = {Tommy, Löfstedt},
	month = february,
	year = {2019}
}

@book{Saltelli,
  title     = "Global Sensitivity Analysis. The Primer",
  author    = "Andrea Saltelli",
  year      = "2007",
  publisher = "John Wiley and Sons, Ltd",
  url       = "http://example.com/history_of_time.pdf"
}

@article{Hounsfield,
	title = {Computed medical imaging. Nobel lecture},
	url = {https://pubmed.ncbi.nlm.nih.gov/6997341/},
	doi = {10.1097/00004728-198010000-00017},
	language = {en},
	number = {4(5):665-74},
	urldate = {2021-05-28},
	journal = {Journal of Computer Assisted Tomography},
	author = {G. N. Hounsfield},
	month = October,
	year = {1980},
}

@article{Color_spaces,
	title = {Color spaces for computer graphics},
	doi = {10.1145/965139.807362},
	language = {en}, 
	number = {12(3), 20–25},
	journal = {ACM SIGGRAPH Computer Graphics},
	author = { George H. Joblove, Donald Greenberg},
	year = {1978},

}

@online{DICOM,
	title = {NEMA PS3 / ISO 12052, Digital Imaging and Communications in Medicine (DICOM) Standard, National Electrical Manufacturers Association, Rosslyn, VA, USA. available free at},
	year = {2021},
	url = {(http://medical.nema.org/)},
}

@article{Img_Compression,
author = {Rajandeep Kaur, Pooja Choudhary},
title = {A Review of Image Compression Techniques},
journal = {International Journal of Computer Applications },
year = {2016},
OPTvolume = {142},
OPTnumber = {1},
OPTmonth = {May},
doi = {10.5120/ijca2016909658},
}

@article{Tristimulus,
author = {Ohno, Yoshi},
year = {2000},
month = {01},
pages = {},
title = {CIE Fundamentals for Color Measurements},
journal = {International Conference on Digital Printing Technologies}
}

@Book{MRI,
author = {Robert W. Brown and Y.-C. Norman Cheng and E. Mark Haacke and Michael R. Thompson and Ramesh Venkatesan},
title = {Magnetic Resonance Imaging: Physical Principles and Sequence Design, 2nd Edition},
publisher = {Wiley-Blackwell},
year = {2014},
}

@article{Roentgen,
author = {W. C. Roentgen},
title = {ON A NEW KIND OF RAYS},
doi = {10.1126/science.3.59.227}, 
journal = {Science},
year = {1986},
OPTvolume = {3},
OPTnumber = {59},
OPTpages = {227-231},
OPTmonth = {February},

}


@inproceedings{PhysicsMedicalImaging,
  title={The Physics of Medical Imaging},
  author={S. Webb},
  year={1988}
}

@Book{xray_reconstruction,
author = {A Kaka and Malcolm Slaney},
title = {Principles of Computerized Tomographic Imaging},
publisher = {Society of Industrial and Applied Mathematics},
year = {2001},
}

@Article{Cardiac-CT,
author = {Lipton Martin J.},
title = {Cine computerized tomography},
DOI = {10.1007/BF01784777},
journal = {The International Journal of Cardiac Imaging},
year = {1987},
OPTvolume = {2},
OPTpages = {209-221},
OPTmonth = {Dec,},
}

@Article{LQ_model,
author = {Stephen Joseph McMahon},
title = {The linear quadratic model: usage, interpretation and challenges},
journal = {Physics in medicine and biology},
year = {2018},
DOI = {10.1088/1361-6560/aaf26a},
PMID = {PMID: 30523903},
}

@Article{MulBSTA,
author = {Lingxi Guo},
title = {Clinical Features Predicting Mortality Risk in Patients With Viral Pneumonia: The MuLBSTA Score},
journal = {Frontiers in Microbiology},
year = {2019},
DOI = {10.3389/fmicb.2019.02752},
PMID = {31849894},
}

@Article{MEWS,
author = {C. P. Subbe},
title = {Validation of a modified Early Warning Score in medical admissions},
journal = {QJM: An international journal of medicine},
DOI = {10.1093/qjmed/94.10.521},
year = {2001},
PMID = {11588210},
}

@Article{CURB65,
author = {Lim WS and van der Eerden MM and Laing R, et al},
title = {Defining community acquired pneumonia severity on presentation to hospital: an international derivation and validation study},
journal = {Thorax 58(5):377-382},
DOI = {10.1136/thorax.58.5.377},
year = {2003},
}

@Article{SOFA,
author = {J L Vincent 1 and R Moreno and J Takala and S Willatts and A De Mendonça and H Bruining and C K Reinhart and P M Suter and L G Thijs},
title = {The SOFA (Sepsis-related Organ Failure Assessment) score to describe organ dysfunction/failure. On behalf of the Working Group on Sepsis-Related Problems of the European Society of Intensive Care Medicine},
journal = {Intensive Care Medicine},
DOI = {10.1007/BF01709751},
year = {1996},
PMID = {8844239},
}